<?xml version="1.0" encoding="UTF-8"?><collection xmlns="http://www.loc.gov/MARC21/slim"><record><leader>00331nam--2200121-i-4500</leader><controlfield tag="001">000029633</controlfield><controlfield tag="002">20161230</controlfield><controlfield tag="005">20161230201037</controlfield><controlfield tag="008">060222s1000------------r-----000-0-eng-d</controlfield><datafield ind1=" " ind2=" " tag="100"><subfield code="a">Miller, W.E., Spreadbury, E.A.W</subfield></datafield><datafield ind1=" " ind2=" " tag="245"><subfield code="a">Radio circuits. a step-by-step survey</subfield></datafield><datafield ind1=" " ind2=" " tag="260"><subfield code="a">London, Iliffe &amp; Sons, Ltd.,1959. Ix+172p</subfield></datafield><datafield ind1=" " ind2=" " tag="852"><subfield code="a">14924</subfield></datafield></record></collection>